@online{calistenia,
    author = "Augusto Enrique Salazar Jimenez",
    title = "Calistenia",
    url  = "https://classroom.google.com/u/1/c/MjcyNjk0ODU0NzM1/a/MjcyOTY1Nzk3NDcx/details?hl=es",
    addendum = "(accessed: 04.08.2021)",
    keywords = "Calistenia, LaTeX"
}
